<?xml version="1.0" encoding="UTF-8"?><collection xmlns="http://www.loc.gov/MARC21/slim"><record><leader>00422nam--2200145-i-4500</leader><controlfield tag="001">000004666</controlfield><controlfield tag="002">20161230</controlfield><controlfield tag="005">20170210125429</controlfield><controlfield tag="008">060222s1000------------r-----000-0-eng-d</controlfield><datafield ind1=" " ind2=" " tag="100"><subfield code="a">Cepelak, J</subfield></datafield><datafield ind1=" " ind2=" " tag="245"><subfield code="a">Extrakce dusicnanu uranylu diethyletherem ze systemu voda-kyselina dusicna-dusicnan amonny</subfield></datafield><datafield ind1=" " ind2=" " tag="260"><subfield code="a">Praha</subfield><subfield code="b">Ceskoslovenska Akademie Ved</subfield><subfield code="c">1957</subfield></datafield><datafield ind1=" " ind2=" " tag="300"><subfield code="a">5 p</subfield></datafield><datafield ind1=" " ind2=" " tag="700"><subfield code="a">Maly, J</subfield></datafield><datafield ind1=" " ind2=" " tag="CAT"><subfield code="a">SYS</subfield><subfield code="c">20170210</subfield><subfield code="h">125429</subfield></datafield></record></collection>